@BOOK{Tsai,
	AUTHOR = {Lung-Wen Tsai},
	TITLE = {Mechanism Design Enumeration of Kinematic Structures According to Function},
	PUBLISHER = (CRC Press),
	YEAR = {2001}
}
